@comment{x-kbibtex-personnameformatting=<%l><, %f>}

@inproceedings{Lai:PLT,
	added-at = "2014-06-13T00:00:00.000+0200",
	author = "Lai, Chengdi and Low, Steven H. and Leung, Ka-Cheong and Li, Victor O. K.",
	booktitle = "{SIGMETRICS}",
	crossref = "Lai:PLT",
	editor = "Sanghavi, Sujay and Shakkottai, Sanjay and Lelarge, Marc and Schroeder, Bianca",
	interhash = "38122de9a9cc59820cd5ce34f250585c",
	intrahash = "81e61139aaabbf8c8d1a199428a5ab5d",
	isbn = "978-1-4503-2789-3",
	keywords = "dblp",
	pages = "421--433",
	publisher = "ACM",
	title = "{Pricing link by time.}",
	url = "http://dblp.uni-trier.de/db/conf/sigmetrics/sigmetrics2014.html#LaiLLL14; http://doi.acm.org/10.1145/2591971.2591974; http://www.bibsonomy.org/bibtex/281e61139aaabbf8c8d1a199428a5ab5d/dblp",
	x-fetchedfrom = "Bibsonomy",
	year = 2014
}

